<?xml version="1.0" encoding="UTF-8"?>
<collection xmlns:xsi="http://www.w3.org/2001/XMLSchema-instance" xsi:schemaLocation="http://www.loc.gov/MARC21/slim http://www.loc.gov/standards/marcxml/schema/MARC21slim.xsd" xmlns="http://www.loc.gov/MARC21/slim">
<record>
  <leader>01118cam a2200289   4500</leader>
  <controlfield tag="001">2980391</controlfield>
  <controlfield tag="003">NNC</controlfield>
  <controlfield tag="005">20150817132347.0</controlfield>
  <controlfield tag="008">891031s1968    iq       b    000 0 ara c</controlfield>
  <datafield tag="010" ind1=" " ind2=" ">
    <subfield code="a">ne 68004093 </subfield>
  </datafield>
  <datafield tag="035" ind1=" " ind2=" ">
    <subfield code="a">(OCoLC)ocm20576135</subfield>
  </datafield>
  <datafield tag="035" ind1=" " ind2=" ">
    <subfield code="9">ASM7477CU</subfield>
  </datafield>
  <datafield tag="035" ind1=" " ind2=" ">
    <subfield code="a">(NNC)2980391</subfield>
  </datafield>
  <datafield tag="040" ind1=" " ind2=" ">
    <subfield code="a">Princeton Univ. Libr. for LC</subfield>
    <subfield code="c">WAU</subfield>
    <subfield code="d">WAU</subfield>
    <subfield code="d">ZCU</subfield>
  </datafield>
  <datafield tag="050" ind1="0" ind2=" ">
    <subfield code="a">PJ7661</subfield>
    <subfield code="b">.H3</subfield>
  </datafield>
  <datafield tag="100" ind1="1" ind2=" ">
    <subfield code="a">Ḥasan, Muḥammad ʻAlī</subfield>
    <subfield code="q">(Muḥammad ʻAlī Muḥammad)</subfield>
  </datafield>
  <datafield tag="245" ind1="1" ind2="0">
    <subfield code="a">Dīwān layl al-ṣabb,</subfield>
    <subfield code="b">majmūʻat muʻāraḍat Qasīdat Abī al-Ḥasan al-Ḥusrī al-Qirwānī.</subfield>
    <subfield code="c">ʻAnī bi-jamʻihā wa-sharḥ mufradātihā Muḥammad ʻAlī Ḥasan.</subfield>
  </datafield>
  <datafield tag="250" ind1=" " ind2=" ">
    <subfield code="a">al-Ṭabʻah 1.</subfield>
  </datafield>
  <datafield tag="260" ind1=" " ind2=" ">
    <subfield code="a">Baghdād,</subfield>
    <subfield code="c">1968</subfield>
  </datafield>
  <datafield tag="300" ind1=" " ind2=" ">
    <subfield code="a">166 p.</subfield>
    <subfield code="c">24 cm.</subfield>
  </datafield>
  <datafield tag="490" ind1="1" ind2=" ">
    <subfield code="a">Manshūrāt Dār al-Adīb ;</subfield>
    <subfield code="v">2</subfield>
  </datafield>
  <datafield tag="500" ind1=" " ind2=" ">
    <subfield code="a">Includes al-Ḥusrī's qaṣīdah entitled Yā layl al-ṣabb.</subfield>
  </datafield>
  <datafield tag="504" ind1=" " ind2=" ">
    <subfield code="a">Bibliographical footnotes.</subfield>
  </datafield>
  <datafield tag="650" ind1=" " ind2="0">
    <subfield code="a">Arabic poetry</subfield>
    <subfield code="y">1801-</subfield>
  </datafield>
  <datafield tag="700" ind1="1" ind2="2">
    <subfield code="a">Ḥuṣrī, ʻAlī ibn ʻAbd al-Ghanī,</subfield>
    <subfield code="d">-1095.</subfield>
    <subfield code="t">Yā layl al-ṣabb.</subfield>
    <subfield code="f">1968.</subfield>
  </datafield>
  <datafield tag="830" ind1=" " ind2="0">
    <subfield code="a">Manshūrāt Dār al-Adīb ;</subfield>
    <subfield code="v">2.</subfield>
  </datafield>
  <datafield tag="955" ind1=" " ind2=" ">
    <subfield code="b">0036760838</subfield>
    <subfield code="d">glx</subfield>
    <subfield code="e">PJ7661 .H3</subfield>
  </datafield>
</record>
</collection>